<?xml version="1.0" encoding="UTF-8"?>
<OAI-PMH xmlns="http://www.openarchives.org/OAI/2.0/" xmlns:xsi="http://www.w3.org/2001/XMLSchema-instance" xsi:schemaLocation="http://www.openarchives.org/OAI/2.0/ http://www.openarchives.org/OAI/2.0/OAI-PMH.xsd">
  <responseDate>2012-06-07T16:43:14Z</responseDate>
  <request verb="ListRecords" metadataPrefix="marc21" set="hathitrust">http://quod.lib.umich.edu/cgi/o/oai/oai</request>
  <ListRecords>
<record><header><identifier>oai:quod.lib.umich.edu:MIU01-000053070</identifier><datestamp>2008-12-19T18:45:47Z</datestamp><setSpec>hathitrust:pd</setSpec></header><metadata>
  <marc:record xmlns:marc="http://www.loc.gov/MARC21/slim"  xmlns:xsi="http://www.w3.org/2001/XMLSchema-instance" xsi:schemaLocation="http://www.loc.gov/MARC21/slim http://localhost:8080/OAIToolkit/schema/MARC21slim_custom.xsd">
    <marc:leader>00203cx  a22000973  4500</marc:leader>
    <marc:controlfield tag="004">115575</marc:controlfield>
    <marc:controlfield tag="005">19961209124035.0</marc:controlfield>
    <marc:controlfield tag="008">9612090u    0   4001uu   0000000</marc:controlfield>
    <marc:datafield tag="852" ind1="0" ind2=" ">
      <marc:subfield code="b">RheesStack</marc:subfield>
      <marc:subfield code="h">DC36.9 .C37</marc:subfield>
    </marc:datafield>
  </marc:record>
</metadata></record>
<record><header><identifier>oai:quod.lib.umich.edu:MIU01-000053071</identifier><datestamp>2008-12-19T18:45:47Z</datestamp><setSpec>hathitrust:pd</setSpec></header><metadata>
  <marc:record xmlns:marc="http://www.loc.gov/MARC21/slim"  xmlns:xsi="http://www.w3.org/2001/XMLSchema-instance" xsi:schemaLocation="http://www.loc.gov/MARC21/slim http://localhost:8080/OAIToolkit/schema/MARC21slim_custom.xsd">
    <marc:leader>00203cx  a22000973  4500</marc:leader>
    <marc:controlfield tag="001">140116</marc:controlfield>
    <marc:controlfield tag="003">NRU</marc:controlfield>
    <marc:controlfield tag="004">115575</marc:controlfield>
    <marc:controlfield tag="005">19961209124035.0</marc:controlfield>
    <marc:controlfield tag="008">9612090u    0   4001uu   0000000</marc:controlfield>
    <marc:datafield tag="852" ind1="0" ind2=" ">
      <marc:subfield code="b">RheesStack</marc:subfield>
      <marc:subfield code="h">DC36.9 .C37</marc:subfield>
    </marc:datafield>
  </marc:record>
</metadata></record>
<record><header><identifier>oai:quod.lib.umich.edu:MIU01-000053072</identifier><datestamp>2008-12-19T18:45:47Z</datestamp><setSpec>hathitrust:pd</setSpec></header><metadata>
  <marc:record xmlns:marc="http://www.loc.gov/MARC21/slim"  xmlns:xsi="http://www.w3.org/2001/XMLSchema-instance" xsi:schemaLocation="http://www.loc.gov/MARC21/slim http://localhost:8080/OAIToolkit/schema/MARC21slim_custom.xsd">
    <marc:leader>00203cx  a22000973  4500</marc:leader>
    <marc:controlfield tag="001">140117</marc:controlfield>
    <marc:controlfield tag="004">115575</marc:controlfield>
    <marc:controlfield tag="005">19961209124035.0</marc:controlfield>
    <marc:controlfield tag="008">9612090u    0   4001uu   0000000</marc:controlfield>
    <marc:datafield tag="852" ind1="0" ind2=" ">
      <marc:subfield code="b">RheesStack</marc:subfield>
      <marc:subfield code="h">DC36.9 .C37</marc:subfield>
    </marc:datafield>
  </marc:record>
</metadata></record>
<record><header><identifier>oai:quod.lib.umich.edu:MIU01-000053073</identifier><datestamp>2008-12-19T18:45:47Z</datestamp><setSpec>hathitrust:pd</setSpec></header><metadata>
  <marc:record xmlns:marc="http://www.loc.gov/MARC21/slim"  xmlns:xsi="http://www.w3.org/2001/XMLSchema-instance" xsi:schemaLocation="http://www.loc.gov/MARC21/slim http://localhost:8080/OAIToolkit/schema/MARC21slim_custom.xsd">
    <marc:leader>00203cx  a22000973  4500</marc:leader>
    <marc:controlfield tag="003">NRU</marc:controlfield>
    <marc:controlfield tag="004">115575</marc:controlfield>
    <marc:controlfield tag="005">19961209124035.0</marc:controlfield>
    <marc:controlfield tag="008">9612090u    0   4001uu   0000000</marc:controlfield>
    <marc:datafield tag="852" ind1="0" ind2=" ">
      <marc:subfield code="b">RheesStack</marc:subfield>
      <marc:subfield code="h">DC36.9 .C37</marc:subfield>
    </marc:datafield>
  </marc:record>
</metadata></record>
<record><header><identifier>oai:quod.lib.umich.edu:MIU01-000053074</identifier><datestamp>2008-12-19T18:45:48Z</datestamp><setSpec>hathitrust:pd</setSpec></header><metadata>
<marc:record xmlns:marc="http://www.loc.gov/MARC21/slim" xmlns:xsi="http://www.w3.org/2001/XMLSchema-instance" xsi:schemaLocation="http://www.loc.gov/MARC21/slim http://www.loc.gov/standards/marcxml/schema/MARC21slim.xsd">
<marc:leader>     nas a22003611  4500</marc:leader>
<marc:controlfield tag="005">19930702000000.0</marc:controlfield>
<marc:datafield tag="035" ind1=" " ind2=" ">
<marc:subfield code="a">(OCoLC)ocm49948470</marc:subfield>
</marc:datafield>
<marc:datafield tag="110" ind1="2" ind2=" ">
<marc:subfield code="a">National Collegiate Athletic Association.</marc:subfield>
</marc:datafield>
<marc:datafield tag="245" ind1="1" ind2="0">
<marc:subfield code="a">Proceedings of the ... annual convention of the National Collegiate Athletic Association.</marc:subfield>
</marc:datafield>
<marc:datafield tag="260" ind1=" " ind2=" ">
<marc:subfield code="a">[New York?],</marc:subfield>
<marc:subfield code="b">The Association,</marc:subfield>
<marc:subfield code="c">1906-</marc:subfield>
</marc:datafield>
<marc:datafield tag="300" ind1=" " ind2=" ">
<marc:subfield code="a">v.</marc:subfield>
</marc:datafield>
<marc:datafield tag="610" ind1="2" ind2="0">
<marc:subfield code="a">National Collegiate Athletic Association</marc:subfield>
<marc:subfield code="x">Congresses.</marc:subfield>
</marc:datafield>
<marc:datafield tag="650" ind1=" " ind2="0">
<marc:subfield code="a">College sports</marc:subfield>
<marc:subfield code="z">United States x Congresses.</marc:subfield>
</marc:datafield>
<marc:datafield tag="856" ind1="4" ind2=" ">
<marc:subfield code="z">1913-1920</marc:subfield>
<marc:subfield code="u">http://hdl.handle.net/2027/mdp.39015039707115</marc:subfield>
<marc:subfield code="r">pd</marc:subfield>
<marc:subfield code="x">eContent</marc:subfield>
</marc:datafield>
<marc:datafield tag="856" ind1="4" ind2=" ">
<marc:subfield code="z">no.28 1907,1909,1912</marc:subfield>
<marc:subfield code="u">http://hdl.handle.net/2027/mdp.39015039707107</marc:subfield>
<marc:subfield code="r">pd</marc:subfield>
<marc:subfield code="x">eContent</marc:subfield>
</marc:datafield>
</marc:record>
</metadata>
</record>