
<record>
<header><identifier>oai:quod.lib.umich.edu:MIU01-000282519</identifier><datestamp>2008-12-19T18:45:56Z</datestamp><setSpec>hathitrust:pd</setSpec></header><metadata>
<marc:record xmlns:marc="http://www.loc.gov/MARC21/slim" xmlns:xsi="http://www.w3.org/2001/XMLSchema-instance" xsi:schemaLocation="http://www.loc.gov/MARC21/slim http://www.loc.gov/standards/marcxml/schema/MARC21slim.xsd">
<marc:leader>     nam a22002531  4500</marc:leader>
<marc:controlfield tag="005">19880718000000.0</marc:controlfield>
<marc:datafield tag="010" ind1=" " ind2=" ">
<marc:subfield code="a">02019719</marc:subfield>
</marc:datafield>
<marc:datafield tag="035" ind1=" " ind2=" ">
<marc:subfield code="a">(OCoLC)ocm02125161</marc:subfield>
</marc:datafield>
<marc:datafield tag="050" ind1="0" ind2=" ">
<marc:subfield code="a">JK691</marc:subfield>
<marc:subfield code="b">.B52</marc:subfield>
</marc:datafield>
<marc:datafield tag="100" ind1="1" ind2=" ">
<marc:subfield code="a">Bernard, George S.,</marc:subfield>
<marc:subfield code="d">1837-1912.</marc:subfield>
</marc:datafield>
<marc:datafield tag="245" ind1="1" ind2="0">
<marc:subfield code="a">Civil service reform versus the spoils system.</marc:subfield>
<marc:subfield code="b">The merit plan for the filling of public offices advocated in a series of articles originally published in a Virginia journal.</marc:subfield>
<marc:subfield code="c">By Geo. S. Bernard.</marc:subfield>
</marc:datafield>
<marc:datafield tag="260" ind1=" " ind2=" ">
<marc:subfield code="a">New York,</marc:subfield>
<marc:subfield code="b">J. B. Alden,</marc:subfield>
<marc:subfield code="c">1885.</marc:subfield>
</marc:datafield>
<marc:datafield tag="300" ind1=" " ind2=" ">
<marc:subfield code="a">x, [11]-128 p.</marc:subfield>
</marc:datafield>
<marc:datafield tag="650" ind1=" " ind2="0">
<marc:subfield code="a">Civil service reform</marc:subfield>
</marc:datafield>
<marc:datafield tag="856" ind1="4" ind2=" ">
<marc:subfield code="u">http://hdl.handle.net/2027/mdp.39015028710617</marc:subfield>
<marc:subfield code="r">pd</marc:subfield>
<marc:subfield code="x">eContent</marc:subfield>
</marc:datafield>
</marc:record>
</metadata>
</record>