
<record>
<header><identifier>oai:quod.lib.umich.edu:MIU01-000289049</identifier><datestamp>2008-12-19T18:45:56Z</datestamp><setSpec>hathitrust:pd</setSpec></header><metadata>
<marc:record xmlns:marc="http://www.loc.gov/MARC21/slim" xmlns:xsi="http://www.w3.org/2001/XMLSchema-instance" xsi:schemaLocation="http://www.loc.gov/MARC21/slim http://www.loc.gov/standards/marcxml/schema/MARC21slim.xsd">
<marc:leader>00000nam a2200241 a 4500</marc:leader>
<marc:controlfield tag="005">20081210085206.0</marc:controlfield>
<marc:datafield tag="010" ind1=" " ind2=" ">
<marc:subfield code="a">a 20000448//r452</marc:subfield>
</marc:datafield>
<marc:datafield tag="035" ind1=" " ind2=" ">
<marc:subfield code="a">(OCoLC)ocm63008302</marc:subfield>
</marc:datafield>
<marc:datafield tag="050" ind1="0" ind2=" ">
<marc:subfield code="a">E158</marc:subfield>
<marc:subfield code="b">.W203</marc:subfield>
</marc:datafield>
<marc:datafield tag="100" ind1="1" ind2=" ">
<marc:subfield code="a">Williams, W.</marc:subfield>
<marc:subfield code="q">(Wellington)</marc:subfield>
</marc:datafield>
<marc:datafield tag="245" ind1="1" ind2="0">
<marc:subfield code="a">Appleton's railroad and steamboat companion :</marc:subfield>
<marc:subfield code="b">being a traveller's guide through the United States of America, Canada, New Brunswick, and Nova Scotia /</marc:subfield>
<marc:subfield code="c">by W. Williams.</marc:subfield>
</marc:datafield>
<marc:datafield tag="260" ind1=" " ind2=" ">
<marc:subfield code="a">New York, N.Y. :</marc:subfield>
<marc:subfield code="b">D. Appleton &amp; Co.,</marc:subfield>
<marc:subfield code="c">1848.</marc:subfield>
</marc:datafield>
<marc:datafield tag="300" ind1=" " ind2=" ">
<marc:subfield code="a">313 p. :</marc:subfield>
</marc:datafield>
<marc:datafield tag="651" ind1=" " ind2="0">
<marc:subfield code="a">United States</marc:subfield>
</marc:datafield>
<marc:datafield tag="651" ind1=" " ind2="0">
<marc:subfield code="a">New England</marc:subfield>
</marc:datafield>
<marc:datafield tag="651" ind1=" " ind2="0">
<marc:subfield code="a">Canada</marc:subfield>
</marc:datafield>
<marc:datafield tag="650" ind1=" " ind2="0">
<marc:subfield code="a">Railroad travel</marc:subfield>
<marc:subfield code="z">United States.</marc:subfield>
</marc:datafield>
<marc:datafield tag="856" ind1="4" ind2=" ">
<marc:subfield code="u">http://hdl.handle.net/2027/mdp.39015016751375</marc:subfield>
<marc:subfield code="r">pd</marc:subfield>
<marc:subfield code="x">eContent</marc:subfield>
</marc:datafield>
</marc:record>
</metadata>
</record>