
<record>
<header><identifier>oai:quod.lib.umich.edu:MIU01-000331524</identifier><datestamp>2008-12-19T18:45:58Z</datestamp><setSpec>hathitrust:pd</setSpec></header><metadata>
<marc:record xmlns:marc="http://www.loc.gov/MARC21/slim" xmlns:xsi="http://www.w3.org/2001/XMLSchema-instance" xsi:schemaLocation="http://www.loc.gov/MARC21/slim http://www.loc.gov/standards/marcxml/schema/MARC21slim.xsd">
<marc:leader>     nam a22002411  4500</marc:leader>
<marc:controlfield tag="001">999888777</marc:controlfield>
<marc:controlfield tag="005">19930513000000.0</marc:controlfield>
<marc:datafield tag="010" ind1=" " ind2=" ">
<marc:subfield code="a">12039399</marc:subfield>
</marc:datafield>
<marc:datafield tag="035" ind1=" " ind2=" ">
<marc:subfield code="a">(OCoLC)ocm04090062</marc:subfield>
</marc:datafield>
<marc:datafield tag="050" ind1="0" ind2=" ">
<marc:subfield code="a">E176.1</marc:subfield>
<marc:subfield code="b">.T46</marc:subfield>
</marc:datafield>
<marc:datafield tag="100" ind1="1" ind2=" ">
<marc:subfield code="a">Thompson, Richard W.</marc:subfield>
<marc:subfield code="q">(Richard Wigginton),</marc:subfield>
<marc:subfield code="d">1809-1900.</marc:subfield>
</marc:datafield>
<marc:datafield tag="245" ind1="1" ind2="0">
<marc:subfield code="a">Recollections of sixteen presidents from Washington to Lincoln,</marc:subfield>
<marc:subfield code="c">by Richard W. Thompson.</marc:subfield>
</marc:datafield>
<marc:datafield tag="260" ind1=" " ind2=" ">
<marc:subfield code="a">Indianapolis,</marc:subfield>
<marc:subfield code="b">The Bowen-Merrill company,</marc:subfield>
<marc:subfield code="c">1894.</marc:subfield>
</marc:datafield>
<marc:datafield tag="300" ind1=" " ind2=" ">
<marc:subfield code="a">2 v.</marc:subfield>
</marc:datafield>
<marc:datafield tag="650" ind1=" " ind2="0">
<marc:subfield code="a">Presidents</marc:subfield>
<marc:subfield code="z">United States</marc:subfield>
<marc:subfield code="x">Biography</marc:subfield>
</marc:datafield>
<marc:datafield tag="651" ind1=" " ind2="0">
<marc:subfield code="a">United States</marc:subfield>
<marc:subfield code="x">Politics and government</marc:subfield>
<marc:subfield code="y">1783-1865</marc:subfield>
</marc:datafield>
<marc:datafield tag="856" ind1="4" ind2=" ">
<marc:subfield code="z">v.1</marc:subfield>
<marc:subfield code="u">http://hdl.handle.net/2027/mdp.39015033869507</marc:subfield>
<marc:subfield code="r">pd</marc:subfield>
<marc:subfield code="x">eContent</marc:subfield>
</marc:datafield>
<marc:datafield tag="856" ind1="4" ind2=" ">
<marc:subfield code="z">v.2</marc:subfield>
<marc:subfield code="u">http://hdl.handle.net/2027/mdp.39015013244440</marc:subfield>
<marc:subfield code="r">pd</marc:subfield>
<marc:subfield code="x">eContent</marc:subfield>
</marc:datafield>
</marc:record>
</metadata>
</record>