
<record>
<header><identifier>oai:quod.lib.umich.edu:MIU01-000429516</identifier><datestamp>2008-12-19T18:46:02Z</datestamp><setSpec>hathitrust:pd</setSpec></header><metadata>
<marc:record xmlns:marc="http://www.loc.gov/MARC21/slim" xmlns:xsi="http://www.w3.org/2001/XMLSchema-instance" xsi:schemaLocation="http://www.loc.gov/MARC21/slim http://www.loc.gov/standards/marcxml/schema/MARC21slim.xsd">
<marc:leader>00000nam a22002411  4500</marc:leader>
<marc:controlfield tag="003">XYZ</marc:controlfield>
<marc:controlfield tag="005">20081211155913.0</marc:controlfield>
<marc:datafield tag="035" ind1=" " ind2=" ">
<marc:subfield code="a">(OCoLC)ocm23621227</marc:subfield>
</marc:datafield>
<marc:datafield tag="041" ind1="1" ind2=" ">
<marc:subfield code="a">dut</marc:subfield>
<marc:subfield code="h">grc</marc:subfield>
</marc:datafield>
<marc:datafield tag="100" ind1="0" ind2=" ">
<marc:subfield code="a">Euclid.</marc:subfield>
</marc:datafield>
<marc:datafield tag="240" ind1="1" ind2="0">
<marc:subfield code="a">Elements</marc:subfield>
</marc:datafield>
<marc:datafield tag="245" ind1="0" ind2="3">
<marc:subfield code="a">De zes eerste, elfde en twaalfde boeken Euclidis ...</marc:subfield>
<marc:subfield code="b">Mitsgaders een aanhang, vervattende de transformatien, additien, substractien, multiplicatien en divisien in figuren.</marc:subfield>
<marc:subfield code="c">Alles op een korte en wiskonstige manier gedemonstreert, door Pieter Warius.</marc:subfield>
</marc:datafield>
<marc:datafield tag="250" ind1=" " ind2=" ">
<marc:subfield code="a">Den vierden druk.</marc:subfield>
<marc:subfield code="b">Verbetert en van voorgaande drukfouten gezuyvert.</marc:subfield>
</marc:datafield>
<marc:datafield tag="260" ind1=" " ind2=" ">
<marc:subfield code="a">Amsterdam,</marc:subfield>
<marc:subfield code="b">By J. van Keulen,</marc:subfield>
<marc:subfield code="c">1763.</marc:subfield>
</marc:datafield>
<marc:datafield tag="300" ind1=" " ind2=" ">
<marc:subfield code="a">7 p. L., 292 p.</marc:subfield>
</marc:datafield>
<marc:datafield tag="650" ind1=" " ind2="0">
<marc:subfield code="a">Geometry</marc:subfield>
</marc:datafield>
<marc:datafield tag="856" ind1="4" ind2=" ">
<marc:subfield code="u">http://hdl.handle.net/2027/mdp.39015063875366</marc:subfield>
<marc:subfield code="r">pd</marc:subfield>
<marc:subfield code="x">eContent</marc:subfield>
</marc:datafield>
</marc:record>
</metadata>
</record>