
<record>
<header><identifier>oai:quod.lib.umich.edu:MIU01-000430652</identifier><datestamp>2008-12-19T18:46:02Z</datestamp><setSpec>hathitrust:pd</setSpec></header><metadata>
<marc:record xmlns:marc="http://www.loc.gov/MARC21/slim" xmlns:xsi="http://www.w3.org/2001/XMLSchema-instance" xsi:schemaLocation="http://www.loc.gov/MARC21/slim http://www.loc.gov/standards/marcxml/schema/MARC21slim.xsd">
<marc:leader>     nam a22002771  4500</marc:leader>
<marc:controlfield tag="001">999888778</marc:controlfield>
<marc:controlfield tag="003">XYZ</marc:controlfield>
<marc:controlfield tag="005">19880718000000.0</marc:controlfield>
<marc:datafield tag="010" ind1=" " ind2=" ">
<marc:subfield code="a">70124926//r862</marc:subfield>
</marc:datafield>
<marc:datafield tag="020" ind1=" " ind2=" ">
<marc:subfield code="a">0306710382</marc:subfield>
</marc:datafield>
<marc:datafield tag="035" ind1=" " ind2=" ">
<marc:subfield code="a">(OCoLC)ocm00200935</marc:subfield>
</marc:datafield>
<marc:datafield tag="050" ind1="0" ind2=" ">
<marc:subfield code="a">F67</marc:subfield>
<marc:subfield code="b">.H9806 1972</marc:subfield>
</marc:datafield>
<marc:datafield tag="082" ind1=" " ind2=" ">
<marc:subfield code="a">974.4/02/0924</marc:subfield>
<marc:subfield code="a">B</marc:subfield>
</marc:datafield>
<marc:datafield tag="100" ind1="1" ind2=" ">
<marc:subfield code="a">Hosmer, James Kendall,</marc:subfield>
<marc:subfield code="d">1834-1927.</marc:subfield>
</marc:datafield>
<marc:datafield tag="245" ind1="0" ind2="4">
<marc:subfield code="a">The life of Thomas Hutchinson, royal governor of the province of Massachusetts Bay.</marc:subfield>
</marc:datafield>
<marc:datafield tag="260" ind1=" " ind2=" ">
<marc:subfield code="a">New York,</marc:subfield>
<marc:subfield code="b">Da Capo Press,</marc:subfield>
<marc:subfield code="c">1972 [c1896]</marc:subfield>
</marc:datafield>
<marc:datafield tag="300" ind1=" " ind2=" ">
<marc:subfield code="a">xxviii, 453 p.</marc:subfield>
</marc:datafield>
<marc:datafield tag="600" ind1="1" ind2="0">
<marc:subfield code="a">Hutchinson, Thomas,</marc:subfield>
</marc:datafield>
<marc:datafield tag="856" ind1="4" ind2=" ">
<marc:subfield code="u">http://hdl.handle.net/2027/mdp.39015022216322</marc:subfield>
<marc:subfield code="r">pd</marc:subfield>
<marc:subfield code="x">eContent</marc:subfield>
</marc:datafield>
</marc:record>
</metadata>
</record>