
<record>
<header><identifier>oai:quod.lib.umich.edu:MIU01-000451306</identifier><datestamp>2008-12-19T18:46:03Z</datestamp><setSpec>hathitrust:pdus</setSpec></header><metadata>
<marc:record xmlns:marc="http://www.loc.gov/MARC21/slim" xmlns:xsi="http://www.w3.org/2001/XMLSchema-instance" xsi:schemaLocation="http://www.loc.gov/MARC21/slim http://www.loc.gov/standards/marcxml/schema/MARC21slim.xsd">
<marc:leader>     nam a22002051  4500</marc:leader>
<marc:controlfield tag="003">NRU</marc:controlfield>
<marc:controlfield tag="005">19921026000000.0</marc:controlfield>
<marc:datafield tag="035" ind1=" " ind2=" ">
<marc:subfield code="a">(OCoLC)ocm03967141</marc:subfield>
</marc:datafield>
<marc:datafield tag="100" ind1="1" ind2=" ">
<marc:subfield code="a">Stonebraker, J. Clarence.</marc:subfield>
</marc:datafield>
<marc:datafield tag="245" ind1="1" ind2="4">
<marc:subfield code="a">The unwritten South.</marc:subfield>
<marc:subfield code="b">Cause, progress and result of the civil war. Relics of hidden truth after forty years.</marc:subfield>
<marc:subfield code="c">By J. Clarence Stonebraker.</marc:subfield>
</marc:datafield>
<marc:datafield tag="250" ind1=" " ind2=" ">
<marc:subfield code="a">7th ed.</marc:subfield>
</marc:datafield>
<marc:datafield tag="260" ind1=" " ind2=" ">
<marc:subfield code="a">[n.p.,</marc:subfield>
<marc:subfield code="c">c1908]</marc:subfield>
</marc:datafield>
<marc:datafield tag="300" ind1=" " ind2=" ">
<marc:subfield code="a">250 p., 1 L.</marc:subfield>
</marc:datafield>
<marc:datafield tag="651" ind1=" " ind2="0">
<marc:subfield code="a">Confederate States of America</marc:subfield>
<marc:subfield code="x">History.</marc:subfield>
</marc:datafield>
<marc:datafield tag="856" ind1="4" ind2=" ">
<marc:subfield code="u">http://hdl.handle.net/2027/mdp.39015005647626</marc:subfield>
<marc:subfield code="r">pdus</marc:subfield>
<marc:subfield code="x">eContent</marc:subfield>
</marc:datafield>
</marc:record>
</metadata>
</record>
</ListRecords>
</OAI-PMH>
